@article{Adhikari:2017ydi,
	author				=	{Adhikari, Prabal and Andersen, Jens O. and Kneschke, Patrick},
	title				=	{{Inhomogeneous chiral condensate in the quark-meson model}},
	eprint				=	{1702.01324},
	archivePrefix		=	{arXiv},
	primaryClass		=	{hep-ph},
	doi					=	{10.1103/PhysRevD.96.016013},
	journal				=	{Phys. Rev. D},
	volume				=	{96},
	number				=	{1},
	pages				=	{016013},
	year				=	{2017},
	note				=	{[Erratum: Phys.Rev.D 98, 099902 (2018)]}
}

@article{Basar:2009fg,
	author				=	{Basar, Gokce and Dunne, Gerald V. and Thies, Michael},
	title				=	{{Inhomogeneous condensates in the thermodynamics of the chiral ${\mathrm{NJL}}_{2}$ model}},
	eprint				=	{0903.1868},
	archivePrefix		=	{arXiv},
	primaryClass		=	{hep-th},
	doi					=	{10.1103/PhysRevD.79.105012},
	journal				=	{Phys. Rev. D},
	volume				=	{79},
	issue				=	{10},
	pages				=	{105012},
	year				=	{2009},
	month				=	{5},
	publisher			=	{American Physical Society}
}

@article{Carignano:2014jla,
	author				=	{Carignano, Stefano and Buballa, Michael and Schaefer, Bernd-Jochen},
	title				=	{{Inhomogeneous phases in the quark-meson model with vacuum fluctuations}},
	eprint				=	{1404.0057},
	archivePrefix		=	{arXiv},
	primaryClass		=	{hep-ph},
	doi					=	{10.1103/PhysRevD.90.014033},
	journal				=	{Phys. Rev. D},
	volume				=	{90},
	number				=	{1},
	pages				=	{014033},
	year				=	{2014},
	month				=	{7}
}

@article{Dautry:1979bk,
	author				=	{Dautry, Francois and Nyman, Ebbe M.},
	title				=	{{Pion condensation and the $\sigma$-model in liquid neutron matter}},
	doi					=	{10.1016/0375-9474(79)90518-9},
	journal				=	{Nucl. Phys. A},
	volume				=	{319},
	pages				=	{323--348},
	year				=	{1979},
	month				=	{5}
}

@article{Ellwanger:1993mw,
	author				=	{Ellwanger, Ulrich},
	title				=	{{Flow equations for $N$ point functions and bound states}},
	eprint				=	{hep-ph/9308260},
	archivePrefix		=	{arXiv},
	doi					=	{10.1007/BF01555911},
	journal				=	{Z. Phys. C},
	volume				=	{62},
	pages				=	{503--510},
	year				=	{1994},
	month				=	{9},
	reportNumber		=	{HD-THEP-93-30}
}

@article{Fu:2022gou,
	ids					=	{FuQCDRev},
	author				=	{Fu, Wei-jie},
	title				=	{{QCD at finite temperature and density within the fRG approach: an overview}},
	eprint				=	{2205.00468},
	archivePrefix		=	{arXiv},
	primaryClass		=	{hep-ph},
	doi					=	{10.1088/1572-9494/ac86be},
	journal				=	{Commun. Theor. Phys.},
	volume				=	{74},
	number				=	{9},
	pages				=	{097304},
	year				=	{2022}
}

@article{Keitel:2011pn,
	author				=	{Keitel, Jan and Bartosch, Lorenz},
	title				=	{{The zero-dimensional $O(N)$ vector model as a benchmark for perturbation theory, the large-$N$ expansion and the Functional Renormalization Group}},
	eprint				=	{1109.3013},
	archivePrefix		=	{arXiv},
	primaryClass		=	{cond-mat.stat-mech},
	doi					=	{10.1088/1751-8113/45/10/105401},
	journal				=	{J. Phys. A},
	volume				=	{A45},
	pages				=	{105401},
	year				=	{2012},
	month				=	{2}
}

@article{Koenigstein:2021llr,
	ids					=	{gns},
	author				=	{Koenigstein, Adrian and Pannullo, Laurin and Rechenberger, Stefan and Steil, Martin J. and Winstel, Marc},
	title				=	{{Detecting inhomogeneous chiral condensation from the bosonic two-point function in the (1 + 1)-dimensional Gross\textendash{}Neveu model in the mean-field approximation*}},
	eprint				=	{2112.07024},
	archivePrefix		=	{arXiv},
	primaryClass		=	{hep-ph},
	doi					=	{10.1088/1751-8121/ac820a},
	journal				=	{J. Phys. A},
	volume				=	{55},
	number				=	{37},
	pages				=	{375402},
	year				=	{2022}
}

@article{Koenigstein:2021rxj,
	ids					=	{zerod2},
	author				=	{Koenigstein, Adrian and Steil, Martin J. and Wink, Nicolas and Grossi, Eduardo and Braun, Jens},
	title				=	{{Numerical fluid dynamics for FRG flow equations: Zero-dimensional QFTs as numerical test cases. II. Entropy production and irreversibility of RG flows}},
	eprint				=	{2108.10085},
	archivePrefix		=	{arXiv},
	primaryClass		=	{cond-mat.stat-mech},
	doi					=	{10.1103/PhysRevD.106.065013},
	journal				=	{Phys. Rev. D},
	volume				=	{106},
	number				=	{6},
	pages				=	{065013},
	year				=	{2022}
}

@article{Koenigstein:2021syz,
	ids					=	{zerod1},
	author				=	{Koenigstein, Adrian and Steil, Martin J. and Wink, Nicolas and Grossi, Eduardo and Braun, Jens and Buballa, Michael and Rischke, Dirk H.},
	title				=	{{Numerical fluid dynamics for FRG flow equations: Zero-dimensional QFTs as numerical test cases. I. The $O(N)$ model}},
	eprint				=	{2108.02504},
	archivePrefix		=	{arXiv},
	primaryClass		=	{cond-mat.stat-mech},
	doi					=	{10.1103/PhysRevD.106.065012},
	journal				=	{Phys. Rev. D},
	volume				=	{106},
	number				=	{6},
	pages				=	{065012},
	year				=	{2022}
}

@article{KTO2-0,
	author				=	{Kurganov, Alexander and Tadmor, Eitan},
	title				=	{{New High-Resolution Central Schemes for Nonlinear Conservation Laws and Convectionâ€“Diffusion Equations}},
	doi					=	{10.1006/jcph.2000.6459},
	journal				=	{J. Comput. Phys.},
	volume				=	{160},
	number				=	{1},
	pages				=	{241 - 282},
	year				=	{2000},
	issn				=	{0021-9991}
}

@article{Morris:1993qb,
	author				=	{Morris, Tim R.},
	title				=	{{The Exact Renormalization Group and approximate solutions}},
	eprint				=	{hep-ph/9308265},
	archivePrefix		=	{arXiv},
	doi					=	{10.1142/S0217751X94000972},
	journal				=	{Int. J. Mod. Phys. A},
	volume				=	{09},
	number				=	{14},
	pages				=	{2411--2450},
	year				=	{1994},
	month				=	{6},
	reportNumber		=	{CERN-TH-6977-93, SHEP-92-93-27}
}

@article{Pisarski:2020dnx,
	author				=	{Pisarski, Robert D. and Tsvelik, Alexei M. and Valgushev, Semeon},
	title				=	{{How transverse thermal fluctuations disorder a condensate of chiral spirals into a quantum spin liquid}},
	eprint				=	{2005.10259},
	archivePrefix		=	{arXiv},
	primaryClass		=	{hep-ph},
	doi					=	{10.1103/PhysRevD.102.016015},
	journal				=	{Phys. Rev. D},
	volume				=	{102},
	number				=	{1},
	pages				=	{016015},
	year				=	{2020},
	month				=	{7}
}

@article{Pisarski:2020gkx,
	author				=	{Pisarski, Robert D. and Rennecke, Fabian and Tsvelik, Alexei M. and Valgushev, Semeon},
	title				=	{{The Lifshitz Regime and its Experimental Signals}},
	editor				=	{Liu, Feng and Wang, Enke and Wang, Xin-Nian and Xu, Nu and Zhang, Ben-Wei},
	eprint				=	{2005.00045},
	archivePrefix		=	{arXiv},
	primaryClass		=	{nucl-th},
	doi					=	{10.1016/j.nuclphysa.2020.121910},
	journal				=	{Nucl. Phys. A},
	volume				=	{1005},
	pages				=	{121910},
	year				=	{2021},
	month				=	{1}
}

@article{Pisarski:2021qof,
	author				=	{Pisarski, Robert D. and Rennecke, Fabian},
	title				=	{{Signatures of Moat Regimes in Heavy-Ion Collisions}},
	eprint				=	{2103.06890},
	archivePrefix		=	{arXiv},
	primaryClass		=	{hep-ph},
	doi					=	{10.1103/PhysRevLett.127.152302},
	journal				=	{Phys. Rev. Lett.},
	volume				=	{127},
	number				=	{15},
	pages				=	{152302},
	year				=	{2021},
	month				=	{10}
}

@article{Reuter:1993kw,
	author				=	{Reuter, Martin and Wetterich, Christof},
	title				=	{{Effective average action for gauge theories and exact evolution equations}},
	doi					=	{10.1016/0550-3213(94)90543-6},
	journal				=	{Nucl. Phys. B},
	volume				=	{417},
	pages				=	{181--214},
	year				=	{1994},
	month				=	{4},
	reportNumber		=	{DESY-93-152, HD-THEP-93-40}
}

@article{Schnetz:2004vr,
	author				=	{Schnetz, Oliver and Thies, Michael and Urlichs, Konrad},
	title				=	{{Phase diagram of the Gross-Neveu model: Exact results and condensed matter precursors}},
	eprint				=	{hep-th/0402014},
	archivePrefix		=	{arXiv},
	doi					=	{10.1016/j.aop.2004.06.009},
	journal				=	{Annals Phys.},
	volume				=	{314},
	pages				=	{425--447},
	year				=	{2004},
	month				=	{12}
}

@article{Schnetz:2005ih,
	author				=	{Schnetz, Oliver and Thies, Michael and Urlichs, Konrad},
	title				=	{{Full phase diagram of the massive Gross-Neveu model}},
	eprint				=	{hep-th/0511206},
	archivePrefix		=	{arXiv},
	doi					=	{10.1016/j.aop.2005.12.007},
	journal				=	{Annals Phys.},
	volume				=	{321},
	pages				=	{2604--2637},
	year				=	{2006},
	month				=	{11},
	reportNumber		=	{FAU-TP3-05-6}
}

@article{Steil:2021cbu,
	ids					=	{zerod3},
	author				=	{Steil, Martin J. and Koenigstein, Adrian},
	title				=	{{Numerical fluid dynamics for FRG flow equations: Zero-dimensional QFTs as numerical test cases. III. Shock and rarefaction waves in RG flows reveal limitations of the $N\ensuremath{\rightarrow}\ensuremath{\infty}$ limit in $O(N)$-type models}},
	eprint				=	{2108.04037},
	archivePrefix		=	{arXiv},
	primaryClass		=	{cond-mat.stat-mech},
	doi					=	{10.1103/PhysRevD.106.065014},
	journal				=	{Phys. Rev. D},
	volume				=	{106},
	number				=	{6},
	pages				=	{065014},
	year				=	{2022}
}

@article{Tetradis:1993ts,
	author				=	{Tetradis, Nikolaos and Wetterich, Christof},
	title				=	{{Critical exponents from effective average action}},
	eprint				=	{hep-ph/9308214},
	archivePrefix		=	{arXiv},
	doi					=	{10.1016/0550-3213(94)90446-4},
	journal				=	{Nucl. Phys. B},
	volume				=	{422},
	pages				=	{541--592},
	year				=	{1994},
	month				=	{7},
	reportNumber		=	{DESY-93-094, HD-THEP-93-28}
}

@article{Wetterich:1991be,
	author				=	{Wetterich, Christof},
	title				=	{{The average action for scalar fields near phase transitions}},
	doi					=	{10.1007/BF01474340},
	journal				=	{Z. Phys. C},
	volume				=	{57},
	pages				=	{451--470},
	year				=	{1993},
	month				=	{9},
	reportNumber		=	{DESY-91-088}
}

@article{Wetterich:1992yh,
	author				=	{Wetterich, Christof},
	title				=	{{Exact evolution equation for the effective potential}},
	eprint				=	{1710.05815},
	archivePrefix		=	{arXiv},
	primaryClass		=	{hep-th},
	doi					=	{10.1016/0370-2693(93)90726-X},
	journal				=	{Phys. Lett. B},
	volume				=	{301},
	pages				=	{90--94},
	year				=	{1993},
	month				=	{2},
	reportNumber		=	{HD-THEP-92-61}
}

@article{Wilson:1971bg,
	author				=	{Wilson, Kenneth G.},
	title				=	{{Renormalization group and critical phenomena. 1. Renormalization group and the Kadanoff scaling picture}},
	doi					=	{10.1103/PhysRevB.4.3174},
	journal				=	{Phys. Rev. B},
	volume				=	{4},
	pages				=	{3174--3183},
	year				=	{1971},
	month				=	{11}
}

@article{Wilson:1971dh,
	author				=	{Wilson, Kenneth G.},
	title				=	{{Renormalization group and critical phenomena. 2. Phase space cell analysis of critical behavior}},
	doi					=	{10.1103/PhysRevB.4.3184},
	journal				=	{Phys. Rev. B},
	volume				=	{4},
	pages				=	{3184--3205},
	year				=	{1971},
	month				=	{11}
}

@article{Wilson:1979qg,
	author				=	{Wilson, Kenneth G.},
	title				=	{{Problems in physics with many scales of length}},
	doi					=	{10.1038/scientificamerican0879-158},
	journal				=	{Sci. Am.},
	volume				=	{241},
	pages				=	{158--179},
	year				=	{1979},
	month				=	{8}
}

@inproceedings{Rennecke:2021ovl,
	author				=	{Rennecke, Fabian and Pisarski, Robert D.},
	title				=	{{Moat Regimes in QCD and their Signatures in Heavy-Ion Collisions}},
	booktitle			=	{{International Conference on Critical Point and Onset of Deconfinement}},
	eprint				=	{2110.02625},
	archivePrefix		=	{arXiv},
	primaryClass		=	{hep-ph},
	year				=	{2021},
	month				=	{10}
}

@misc{Grossi:2019urj,
	author				=	{Grossi, Eduardo and Wink, Nicolas},
	title				=	{{Resolving phase transitions with Discontinuous Galerkin methods}},
	eprint				=	{1903.09503},
	archivePrefix		=	{arXiv},
	primaryClass		=	{hep-th},
	year				=	{2019},
	month				=	{3}
}

@misc{Philipsen:2010Antritt,
	author				=	{Philipsen,Owe},
	title				=	{{Nuclear Matter between Heaven and Earth: The QCD Phase Diagram}},
	year				=	{2010},
	month				=	{10},
	organization		=	{Goethe-Universit\"at},
	address				=	{Frankfurt},
	howpublished		=	{{Inaugural lecture}},
	url					=	{https://itp.uni-frankfurt.de/~philipsen/homepage_files/antritt10.pdf},
	note				=	{[Online; accessed 2024.05.02]}
}

@misc{Schnetz:2005vh,
	author				=	{Schnetz, Oliver and Thies, Michael and Urlichs, Konrad},
	title				=	{{The Phase diagram of the massive Gross-Neveu model, revisited}},
	eprint				=	{hep-th/0507120},
	archivePrefix		=	{arXiv},
	year				=	{2005},
	month				=	{7},
	reportNumber		=	{FAU-TP3-05-5}
}

@misc{Stoll:2021ori,
	ids					=	{gn},
	author				=	{Stoll, Jonas and Zorbach, Niklas and Koenigstein, Adrian and Steil, Martin J. and Rechenberger, Stefan},
	title				=	{{Bosonic fluctuations in the $( 1 + 1 )$-dimensional Gross-Neveu(-Yukawa) model at varying $\mu$ and $T$ and finite $N$}},
	eprint				=	{2108.10616},
	archivePrefix		=	{arXiv},
	primaryClass		=	{hep-ph},
	year				=	{2021},
	month				=	{8}
}

@phdthesis{Steil:2024phd,
	ids					=	{Steil:2022phd,Steil:2023phd},
	author				=	{Steil, Martin Jakob},
	title				=	{{From zero-dimensional theories to inhomogeneous phases with the functional renormalization group}},
	doi					=	{10.26083/tuprints-00027380},
	year				=	{2024},
	school				=	{Technische UniversitÃ¤t Darmstadt},
	url					=	{https://tuprints.ulb.tu-darmstadt.de/27380/},
	type				=	{PhD thesis}
}

@unpublished{Steil:2024RGMF,
	ids					=	{Steil:2023RGMF},
	author				=	{Steil, Martin Jakob and Buballa, Michael and Schaefer, Bernd-Jochen},
	title				=	{{Inhomogeneous chiral condensates in the quark-meson model with the functional renormalization group}},
	year				=	{2024},
	type				=	{Draft},
	pubstate			=	{in preparation}
}

@unpublished{Steil:partIVminimal,
	ids					=	{zerod4min},
	author				=	{Steil, Martin J. and Koenigstein, Adrian},
	title				=	{{Testing FRG (numerics) in zero spacetime dimensions: A model with fermions, bosons, and interactions}},
	year				=	{2024},
	pubstate			=	{in preparation}
}